@online{eSyncAlliance,
  author = {Mike Gardner},
  title = {ESync alliance - a multi-company initiative for Ota},
  year = {2017},
  url = {https://esyncalliance.org/},
  urldate = {15/9/2022}
}

@online{CovesaAlliance,
  author = {Steve Crumb},
  title = {The Connected Vehicle Systems Alliance (COVESA)},
  year = {2021},
  url = {https://www.covesa.global/},
  urldate = {15/12/2022}
}

@online{SOAFEE_ARCH,
  author = {Matt Spencer},
  title = {Scalable Open Architecture for Embedded Edge project},
  year = {2021},
  url = {https://www.soafee.io/},
  urldate = {15/3/2023}
}

@online{AWS_CAedge,
  author = { Martin Stamm},
  title = {Developing a Platform for Software-defined Vehicles with Continental Automotive Edge (CAEdge)},
  year = {2022},
  url = {https://aws.amazon.com/blogs/architecture/developing-a-platform-for-software-defined-vehicles-with-continental-automotive-edge-caedge/},
  urldate = {15/4/2023}
}



@misc{UNR155,
  title = {{UN Regulation No. 155 - Cyber Security and Cybersecurity Management}},
  organization = {{United Nations Economic Commission for Europe (UNECE)}},
  howpublished = {\url{https://unece.org/sites/default/files/2021-03/R155e.pdf}},
  note = {Accessed: June 27, 2023}
}

@misc{UNR156,
  title = {{UN Regulation No. 156 - Software Update Processes and Management Systems}},
  organization = {{United Nations Economic Commission for Europe (UNECE)}},
  howpublished = {\url{https://unece.org/sites/default/files/2021-10/GRE-85-36e.pdf}},
  note = {Accessed: June 27, 2023}
}

@article{li2013software,
  title={Software defined networks},
  author={Li, Chung-Sheng and Liao, Wanjiun},
  journal={IEEE Communications Magazine},
  volume={51},
  number={2},
  pages={113--113},
  year={2013}
}

@inproceedings{soni2017survey,
  title={A survey on mqtt: a protocol of internet of things (iot)},
  author={Soni, Dipa and Makwana, Ashwin},
  booktitle={International conference on telecommunication, power analysis and computing techniques (ICTPACT-2017)},
  volume={20},
  pages={173--177},
  year={2017}
}

@article{ebert2016devops,
  title={DevOps},
  author={Ebert, Christof and Gallardo, Gorka and Hernantes, Josune and Serrano, Nicolas},
  journal={Ieee Software},
  volume={33},
  number={3},
  pages={94--100},
  year={2016},
  publisher={IEEE}
}

@book{momjian2001postgresql,
  title={PostgreSQL: introduction and concepts},
  author={Momjian, Bruce},
  volume={192},
  year={2001},
  publisher={Addison-Wesley New York}
}

@inproceedings{yokotani2016comparison,
  title={Comparison with HTTP and MQTT on required network resources for IoT},
  author={Yokotani, Tetsuya and Sasaki, Yuya},
  booktitle={2016 international conference on control, electronics, renewable energy and communications (ICCEREC)},
  pages={1--6},
  year={2016},
  organization={IEEE}
}

@article{liu2022impact,
  title={Impact, challenges and prospect of software-defined vehicles},
  author={Liu, Zongwei and Zhang, Wang and Zhao, Fuquan},
  journal={Automotive Innovation},
  volume={5},
  number={2},
  pages={180--194},
  year={2022},
  publisher={Springer}
}
