@online{eSyncAlliance,
  author = {Mike Gardner},
  title = {ESync alliance - a multi-company initiative for Ota},
  year = {2017},
  url = {https://esyncalliance.org/},
  urldate = {15/9/2022}
}

@online{CovesaAlliance,
  author = {Steve Crumb},
  title = {The Connected Vehicle Systems Alliance (COVESA)},
  year = {2021},
  url = {https://www.covesa.global/},
  urldate = {15/12/2022}
}

@online{SOAFEE_ARCH,
  author = {Matt Spencer},
  title = {Scalable Open Architecture for Embedded Edge project},
  year = {2021},
  url = {https://www.soafee.io/},
  urldate = {15/3/2023}
}

@online{AWS_CAedge,
  author = { Martin Stamm, David Crescence, Daniel Krumpholz, Andreas Falkenberg, and Junjie Tang},
  title = {Developing a Platform for Software-defined Vehicles with Continental Automotive Edge (CAEdge)},
  year = {2022},
  url = {https://aws.amazon.com/blogs/architecture/developing-a-platform-for-software-defined-vehicles-with-continental-automotive-edge-caedge/},
  urldate = {15/4/2023}
}

@online{ESP-NOW,
  author = {Espressifâ€™s site},
  title = {ESP-NOW API reference},
  year = {2022},
  url = {https://docs.espressif.com/projects/esp-idf/en/latest/esp32c3/api-reference/network/esp_now.html},
  urldate = {15/2/2023}
}

@article{chen2017vehicle,
  title={Vehicle-to-everything (V2X) services supported by LTE-based systems and 5G},
  author={Chen, Shanzhi and Hu, Jinling and Shi, Yan and Peng, Ying and Fang, Jiayi and Zhao, Rui and Zhao, Li},
  journal={IEEE Communications Standards Magazine},
  volume={1},
  number={2},
  pages={70--76},
  year={2017},
  publisher={IEEE}
}

@article{xu2017internet,
  title={Internet of vehicles in big data era},
  author={Xu, Wenchao and Zhou, Haibo and Cheng, Nan and Lyu, Feng and Shi, Weisen and Chen, Jiayin and Shen, Xuemin},
  journal={IEEE/CAA Journal of Automatica Sinica},
  volume={5},
  number={1},
  pages={19--35},
  year={2017},
  publisher={IEEE}
}


@article{bazzi2017performance,
  title={On the performance of IEEE 802.11 p and LTE-V2V for the cooperative awareness of connected vehicles},
  author={Bazzi, Alessandro and Masini, Barbara M and Zanella, Alberto and Thibault, Ilaria},
  journal={IEEE Transactions on Vehicular Technology},
  volume={66},
  number={11},
  pages={10419--10432},
  year={2017},
  publisher={IEEE}
}


@article{kenney2011dedicated,
  title={Dedicated short-range communications (DSRC) standards in the United States},
  author={Kenney, John B},
  journal={Proceedings of the IEEE},
  volume={99},
  number={7},
  pages={1162--1182},
  year={2011},
  publisher={IEEE}
}

@online{V2X,
  author = { Martin Stamm, David Crescence, Daniel Krumpholz, Andreas Falkenberg, and Junjie Tang},
  title = {V2X-Communication-Aided Autonomous Driving: System Design and Experimental Validation},
  year = {2022},
  url = {https://www.ncbi.nlm.nih.gov/pmc/articles/PMC7287954/},
  urldate = {14/1/2023}
}
